% Encoding: UTF-8

@InCollection{Meneses2012,
  author    = {Luis Meneses and Richard Furuta and Frank Shipman},
  title     = {Identifying {\textquotedblleft}Soft 404{\textquotedblright} Error Pages: Analyzing the Lexical Signatures of Documents in Distributed Collections},
  booktitle = {Theory and Practice of Digital Libraries},
  publisher = {Springer Berlin Heidelberg},
  year      = {2012},
  pages     = {197--208},
  doi       = {10.1007/978-3-642-33290-6_22},
}

@InProceedings{Bar-Yossef2004,
  author    = {Ziv Bar-Yossef and Andrei Z. Broder and Ravi Kumar and Andrew Tomkins},
  title     = {Sic transit gloria telae},
  booktitle = {Proceedings of the 13th conference on World Wide Web - {WWW} {\textquotesingle}04},
  year      = {2004},
  publisher = {{ACM} Press},
  doi       = {10.1145/988672.988716},
}

@Misc{Fielding2014,
  author       = {Roy T. Fielding and Julian Reschke},
  title        = {{Hypertext Transfer Protocol (HTTP/1.1): Semantics and Content}},
  howpublished = {RFC 7231},
  month        = jun,
  year         = {2014},
  abstract     = {The Hypertext Transfer Protocol (HTTP) is a stateless \textbackslash{}\%application- level protocol for distributed, collaborative, hypertext information systems. This document defines the semantics of HTTP/1.1 messages, as expressed by request methods, request header fields, response status codes, and response header fields, along with the payload of messages (metadata and body content) and mechanisms for content negotiation.},
  doi          = {10.17487/RFC7231},
  number       = {7231},
  pagetotal    = {101},
  publisher    = {RFC Editor},
  series       = {Request for Comments},
  url          = {https://rfc-editor.org/rfc/rfc7231.txt},
}

@Comment{jabref-meta: databaseType:bibtex;}
